<?xml version="1.0" encoding="UTF-8"?><collection><record><leader>06980ntm a2200589 a 4500</leader><controlfield tag="001">006305491</controlfield><controlfield tag="003">MiAaHDL</controlfield><controlfield tag="005">20190719000000.0</controlfield><controlfield tag="006">m        d        </controlfield><controlfield tag="007">cr bn ---auaua</controlfield><controlfield tag="008">090417s16uu    xx            00| ||ara d</controlfield><datafield tag="035" ind1=" " ind2=" "><subfield code="a">(MiU)006305491</subfield></datafield><datafield tag="035" ind1=" " ind2=" "><subfield code="a">sdr-miu006305491</subfield></datafield><datafield tag="040" ind1=" " ind2=" "><subfield code="a">MiU</subfield><subfield code="c">MiU</subfield><subfield code="e">amremm</subfield></datafield><datafield tag="043" ind1=" " ind2=" "><subfield code="a">n-us-mi</subfield></datafield><datafield tag="100" ind1="1" ind2=" "><subfield code="6">880-01</subfield><subfield code="a">Ghazzī, Sharaf al-Dīn ibn ʻAbd al-Qādir,</subfield><subfield code="d">d. 1596.</subfield></datafield><datafield tag="245" ind1="1" ind2="0"><subfield code="6">880-02</subfield><subfield code="a">Tanwīr al-baṣāʼir ʻalá al-Ashbāh wa-al-naẓāʼir,</subfield><subfield code="f">[early 17th century?].</subfield></datafield><datafield tag="246" ind1="3" ind2=" "><subfield code="6">880-05</subfield><subfield code="i">Title from label on fore edge flap:</subfield><subfield code="a">Ḥāshiyat Ashbāh yaʻnī Tanwīr al-baṣāʼir</subfield></datafield><datafield tag="246" ind1="3" ind2=" "><subfield code="6">880-04</subfield><subfield code="i">Title from inscription on fol.2a (p.3):</subfield><subfield code="a">Kitāb Tanwīr al-baṣāʼir ḥāshiyat al-Ashbāh wa-al-naẓāʼir</subfield></datafield><datafield tag="246" ind1="3" ind2=" "><subfield code="6">880-03</subfield><subfield code="i">Title from inscription on inner upper cover:</subfield><subfield code="a">Ghazzī ʻalá al-Ashbāh wa-al-naẓāʼir</subfield></datafield><datafield tag="260" ind1=" " ind2=" "><subfield code="c">[16--?].</subfield></datafield><datafield tag="300" ind1=" " ind2=" "><subfield code="a">203 leaves :</subfield><subfield code="b">paper ;</subfield><subfield code="c">208 x 160 (165 x 95) mm. bound to 208 x 164 mm.</subfield></datafield><datafield tag="500" ind1=" " ind2=" "><subfield code="a">Shelfmark: Ann Arbor, University of Michigan, Special Collections Library, Isl. Ms. 77</subfield></datafield><datafield tag="500" ind1=" " ind2=" "><subfield code="a">Origin: Lacks dated colophon ; very likely early 17th century as suggested by paper.</subfield></datafield><datafield tag="500" ind1=" " ind2=" "><subfield code="a">Former shelfmark: British Museum, London "No. 76. Tanwir al-absar."</subfield></datafield><datafield tag="500" ind1=" " ind2=" "><subfield code="a">Binding: Pasteboards covered in dark red brown leather (edges and turn-ins) and laid paper ; Type II binding (with flap) ; sewing in cream thread, two stations ; endbands lacking ; in poor condition with leather lifting from spine exposing spine lining ; much abrasion, staining, moisture and pest damage ; cover completely detached from textblock exposing sewing.</subfield></datafield><datafield tag="500" ind1=" " ind2=" "><subfield code="a">Support: European laid paper with laid lines running vertically, spaced roughly 8 laid lines per cm. and chain lines running horizontally, spaced roughly 29 mm. apart ; anchor watermark (in circle, single line, with trefoil above [?] ; compare Heawood 2 and 4) ; only lightly burnished ; much staining and water damage (tide lines) ; quires loose, care should be taken to avoid loss and damage.</subfield></datafield><datafield tag="500" ind1=" " ind2=" "><subfield code="a">Decoration: Textual dividers in the form of inverted commas ; text rubricated with keywords (قلت، فان قلت، الخ), overlining, textual dividers, etc. in red.</subfield></datafield><datafield tag="500" ind1=" " ind2=" "><subfield code="a">Script: Naskh ; clear Turkish or Syrian hand (?) ; partially seriffed with right-sloping head serif on joined alif, lām ,etc. and sharp left-sloping head serif on alif of lām alif ligature ; the lām alif al-warrāqīyah preferred ; quite rounded ; freely ligatured ; slight effect of certain words descending to baseline, particularly words ending in descenders ; kāf mashkūlah preferred with bar of kāf often not fully joined to shaft ; mix of closed and open counters.</subfield></datafield><datafield tag="500" ind1=" " ind2=" "><subfield code="a">Layout: Written in 25 lines per page ; frame-ruled.</subfield></datafield><datafield tag="500" ind1=" " ind2=" "><subfield code="a">Collation: V+1 (11), 7 V(81), IV(89), 4 V(129), IV(137), 6 V(197), III (203) ; chiefly quinions ; initial leaf and final three leaves contains extratextual material on legal decisions, much in hand of copyist ; quire numbering, mainly black but occasionally red ink, in the form of Hindu-Arabic numerals appearing on the recto of the first folio of each quire ; catchwords present ; pagination in pencil, Western numerals, supplied during digitization, mistakenly skips two pages (unmarked) between pp.99-100.</subfield></datafield><datafield tag="500" ind1=" " ind2=" "><subfield code="a">Explicit: "فبقيت اليمين فاذا تزوج بعد ذلك صحيحا وجد شرط حنثه وهو التزوج الصحيح فيحنث والله سبحانه وتعالى اعلم بالصواب واليه المرجع والماب وصلى الله على سيدنا محمد واله وصحبه سلم تسليما كثيرا امين تم"</subfield></datafield><datafield tag="500" ind1=" " ind2=" "><subfield code="a">Incipit: "الحمد لله الذي أهل الفضلا لادراك المعاني ومعارف الاقطار ... وبعد فيقول الراجي عفو ربه الغافر الفقير شرف الدين بن عبد القادر الغزي الحنفي ... اذ عرض لي خاطر ان اضع عليه حاشية فاهتزيت لذلك كالروض للامطار وسارعت [كذا] في امتثاله ولا الما [كالماء؟] للقرار سميتها تنوير البصائر على الاشباه والنظائر..."</subfield></datafield><datafield tag="500" ind1=" " ind2=" "><subfield code="a">Title from opening on fol.2b (p.4).</subfield></datafield><datafield tag="500" ind1=" " ind2=" "><subfield code="a">Ms. codex.</subfield></datafield><datafield tag="510" ind1="4" ind2=" "><subfield code="a">Brockelmann, C. GAL,</subfield><subfield code="c">SII 425 ; II 310, 312 ; SII 429</subfield></datafield><datafield tag="520" ind1="8" ind2=" "><subfield code="a">Neat copy of the gloss by Sharaf al-Dīn ibn ʻAbd al-Qādir al-Ghazzī (d.1005/1596) on Ibn Nujaym's treatise on Ḥanafī law.</subfield></datafield><datafield tag="538" ind1=" " ind2=" "><subfield code="a">Mode of access: Internet.</subfield></datafield><datafield tag="541" ind1=" " ind2=" "><subfield code="c">Purchase ;</subfield><subfield code="a">Acquired by purchase along with Abdul Hamid Collection (funds donated by Horace Rackham).</subfield><subfield code="d">1924.</subfield></datafield><datafield tag="546" ind1=" " ind2=" "><subfield code="a">Arabic.</subfield></datafield><datafield tag="561" ind1=" " ind2=" "><subfield code="a">Bookplate of British Museum, London on inner front cover,"No. 76. Tanwir al-absar." ; circular seal impression with figure of goat/gazelle in purple ink as well as inscription "128" in Western numerals on interior of upper cover ; book price inscribed on interior of upper cover in black ink, unpointed "قيمت غروش ..." ; traces of seal impression on fol.1a (p.1) ; possible ownership statement on fol.2a (p.3) ; on paper (tinted) pasted on fol.2a (p.3), a detailed waqf statement in the name of al-Sayyid ʻAbd Allāh Adīb (Abdullah Edip), known as Jannatʹzādah (Cennet-zade), qāḍī of Erzurum, accompanied by his seal, reads: "وقفت وقفا صحيحا شرعيا على ان لا يخرج من بيت الكتب الملتصق بداري الا لعلماء سكنوا بارضروم بكفيل مرعى اورهن قوي وانا الفقير اليه عز شانه السيد عبد الله اديب الشهير بجنتزاده القاضي بمدينة ارضروم في سنة اثنى وستين ومائتين والف" ; occasional notabilia (side heads) marked "مطلب", many others unmarked and appearing to be in hand of copyist ; numerous marginal corrections.</subfield></datafield><datafield tag="600" ind1="1" ind2="0"><subfield code="a">Ibn Nujaym, Zayn al-Dīn ibn Ibrāhīm,</subfield><subfield code="d">d. 1563.</subfield><subfield code="t">Ashbāh wa-al-naẓāʼir</subfield></datafield><datafield tag="650" ind1=" " ind2="0"><subfield code="a">Manuscripts, Arabic</subfield><subfield code="z">Michigan</subfield><subfield code="z">Ann Arbor.</subfield></datafield><datafield tag="650" ind1=" " ind2="0"><subfield code="a">Hanifites</subfield><subfield code="v">Early works to 1800.</subfield></datafield><datafield tag="650" ind1=" " ind2="0"><subfield code="a">Islamic law</subfield><subfield code="v">Early works to 1800.</subfield></datafield><datafield tag="700" ind1="1" ind2="2"><subfield code="6">880-07</subfield><subfield code="a">Ibn Nujaym, Zayn al-Dīn ibn Ibrāhīm,</subfield><subfield code="d">-1563.</subfield><subfield code="t">Ashbāh wa-al-naẓāʼir.</subfield></datafield><datafield tag="773" ind1="0" ind2=" "><subfield code="a">Tiflis Collection</subfield></datafield><datafield tag="880" ind1="1" ind2="2"><subfield code="6">700-07/</subfield><subfield code="a">ابن نجيم, زين الدين بن ابراهيم,</subfield><subfield code="d">ت. 1563.</subfield><subfield code="t">اشباه والنظائر</subfield></datafield><datafield tag="880" ind1="3" ind2=" "><subfield code="6">246-05/</subfield><subfield code="a">حاشية اشباه يعني تنوير البصائر</subfield></datafield><datafield tag="880" ind1="3" ind2=" "><subfield code="6">246-04/</subfield><subfield code="a">كتاب تنوير البصائر حاشية الاشباه والنظائر</subfield></datafield><datafield tag="880" ind1="3" ind2=" "><subfield code="6">246-03/</subfield><subfield code="a">غزي على الاشباه والنظائر</subfield></datafield><datafield tag="880" ind1="1" ind2="0"><subfield code="6">245-02/</subfield><subfield code="a">تنوير البصائر على الاشباه والنظائر,</subfield><subfield code="f">[اوائل القرن 17م؟].</subfield></datafield><datafield tag="880" ind1="1" ind2=" "><subfield code="6">100-01/</subfield><subfield code="a">غزي، شرف الدين بن عبد القادر.</subfield></datafield><datafield tag="CID" ind1=" " ind2=" "><subfield code="a">006305491</subfield></datafield><datafield tag="DAT" ind1="0" ind2=" "><subfield code="a">20190719102634.0</subfield><subfield code="b">20190719000000.0</subfield></datafield><datafield tag="DAT" ind1="1" ind2=" "><subfield code="a">20190719090653.0</subfield><subfield code="b">2019-07-19T16:11:15Z</subfield></datafield><datafield tag="DAT" ind1="2" ind2=" "><subfield code="a">2015-10-02T18:00:03Z</subfield></datafield><datafield tag="CAT" ind1=" " ind2=" "><subfield code="a">SDR-MIU</subfield><subfield code="d">EX LIBRIS - ALEPH</subfield><subfield code="l">prepare.pl-004-008</subfield></datafield><datafield tag="FMT" ind1=" " ind2=" "><subfield code="a">BK</subfield></datafield><datafield tag="HOL" ind1=" " ind2=" "><subfield code="0">sdr-miu006305491</subfield><subfield code="a">MiU</subfield><subfield code="b">SDR</subfield><subfield code="c">MIU</subfield><subfield code="p">mdp.39015079124932</subfield><subfield code="s">MIU</subfield><subfield code="1">006305491</subfield></datafield><datafield tag="974" ind1=" " ind2=" "><subfield code="b">MIU</subfield><subfield code="c">MIU</subfield><subfield code="d">20190719</subfield><subfield code="s">lit-dlps-dc</subfield><subfield code="u">mdp.39015079124932</subfield><subfield code="y">1699</subfield><subfield code="r">pd</subfield><subfield code="q">bib</subfield><subfield code="t">non-US bib date1 &lt; 1879</subfield></datafield></record></collection>